@article{22,
author = {Al-Barrak, Alyaa and Al-Sherbaz, Ali and Kanakis, Triantafyllos and Crockett, Robin},
year = {2017},
month = {06},
pages = {24-25},
title = {Enhancing BER performance limit of BCH and RS codes using multipath diversity},
volume = {6},
journal = {Computers},
doi = {10.3390/computers6020021}
}

@inproceedings{18,
author = {Wadday, Ahmed and Alseyab, S.A. and Abdallah, A.S.},
year = {2012},
month = {04},
pages = {35-40},
title = {Turbo and convolutional codes assisted Space Time Block Code-Spatial Modulation},
isbn = {978-1-4673-0261-6},
doi = {10.1109/ICFCN.2012.6206869}
}

@article{18_1,
author = {Li, Dong and Shi, Haoshan and Cheng, Wei},
year = {2010},
month = {09},
title = {A design of enhanced space time block codes in MIMO wireless systems},
doi = {10.1109/ICEIT.2010.5608440}
}

@article{42,
	author = {Shriddha Shrivastava and Jaikaran Singh, MukeshTiwari},
	title = {Space time Block Coding for MIMO systems over a Raleigh fading Channels with Low Decoding Complexity},
	journal = {International Journal of Advanced Research in Computer Science},
	volume = {4},
	number = {9},
	year = {2017}
}

@inproceedings{3,
author = {Singh, Gurpreet and Mishra, Priyanka and Vij, Rahul},
year = {2013},
month = {04},
pages = {174-179},
title = {Performance Evaluation of ML-VBLAST MIMO decoder using different antenna configuration using Ricean and Rayleigh Channel},
isbn = {978-1-4673-5603-9},
doi = {10.1109/CSNT.2013.46}
}

@INPROCEEDINGS{18_7,
author={E. C. Page},
booktitle={Proceedings of the 12th IEEE Mediterranean Electrotechnical Conference (IEEE Cat. No.04CH37521)},
title={Binary decoding of concatenated turbo codes and space-time block codes for quaternary modulations},
year={2004},
volume={3},
pages={1159-1164 Vol.3},
doi={10.1109/MELCON.2004.1348271},
month={May}
}

@MISC{chris,
	author = {Dennett, Christopher Paul},
	year = {2006},
	title = {An investigation of Turbo Codes over Mobile Wireless Channels},
	publisher = {University of Wolverhampton},
	url = {http://hdl.handle.net/2436/6324}
}


@INPROCEEDINGS{7online,
author={M. C. {Davey} and D. J. C. {MacKay}},
booktitle={1998 Information Theory Workshop (Cat. No.98EX131)},
title={Low density parity check codes over GF(q)},
year={1998},
pages={70-71},
doi={10.1109/ITW.1998.706440},
month={June}
}

@article{9,
  author={Singh, Sonal and Rai, Manish},
  title={BER performance analysis of QAM modulation techniques in MIMO rayleigh channel for WCDMA system}, 
  journal={February-2015},
  year={2013}
}

@article{24,
  title={Concatenated Reed-Solomon inner and convolutional outer codes for mobile channels with soft core processor implementation},
  author={Tuntoolavest, Usana and Suktalordcheep, Vasin and Thonchai, Jatupon},
  journal={Kasetsart J.(Natural Science)},
  volume={47},
  number={6},
  pages={885--897},
  year={2013}
}